@online{tex,
    language  = {russian},
    title     = {TeX Users Group},
    url       = {https://tug.org/},
    urldate   = {21.01.2019}
}
@online{latex,
    language  = {russian},
    title     = {The LaTeX project},
    url       = {https://www.latex-project.org/},
    urldate   = {21.01.2019}
}
@online{git_repo,
    language  = {russian},
    title     = {bachelors-theses-2019},
    url       = {https://github.com/dvfu/bachelors-theses-2019},
    urldate   = {21.01.2019}
}
@online{table,
    language  = {russian},
    title     = {Positioning images and tables},
    url       = {https://www.overleaf.com/learn/latex/Positioning_images_and_tables},
    urldate   = {21.01.2019}
}
@online{tabular,
    language  = {russian},
    title     = {LaTeX/Tables},
    url       = {https://en.wikibooks.org/wiki/LaTeX/Tables},
    urldate   = {21.01.2019}
}
